@article {Arimoto84,
author = {Arimoto, Suguru and Kawamura, Sadao and Miyazaki, Fumio},
title = {Bettering operation of Robots by learning},
journal = {Journal of Robotic Systems},
volume = {1},
number = {2},
publisher = {Wiley Subscription Services, Inc., A Wiley Company},
issn = {1097-4563},
url = {http://dx.doi.org/10.1002/rob.4620010203},
doi = {10.1002/rob.4620010203},
pages = {123--140},
year = {1984},
}

@ARTICLE{Longman2000,
author = {Longman, Richard W.},
title = {Iterative learning control and repetitive control for engineering
practice},
journal = {International Journal of Control},
year = {2000}, 
volume = {73},
number = {10},
pages = {930-954},
}

@ARTICLE{Bristow06,
  author = {Bristow, D.A. and Tharayil, M. and Alleyne, A.G.},
  title = {A survey of iterative learning control},
  journal = {Control Systems, IEEE},
  year = {2006},
  volume = {26},
  pages = { 96 - 114},
  number = {3},
  month = {june},
  doi = {10.1109/MCS.2006.1636313},
  issn = {1066-033X},
  keywords = { design techniques; feedback control; feedforward control; iterative
	learning control; learning algorithms; learning transient behavior;
	robotics; stability; adaptive control; control system analysis; control
	system synthesis; feedback; feedforward; iterative methods; learning
	systems; robust control;}
}

@ARTICLE{Schoellig12,
  author = {Schoellig, Angela P. and Mueller, Fabian L. and D'Andrea, Raffaello},
  title = {Optimization-based iterative learning for precise quadrocopter trajectory
	tracking},
  journal = {Autonomous Robots},
  year = {2012},
  volume = {33},
  pages = {103-127},
  doi = {10.1007/s10514-012-9283-2},
  issn = {0929-5593},
  issue = {1-2},
  keywords = {Motion planning and control; Aerial robotics; Quadrocopter control;
	Trajectory tracking; Learning; Input and state constraints; Kalman
	filtering; Convex optimization},
  language = {English},
  publisher = {Springer US},
  url = {http://dx.doi.org/10.1007/s10514-012-9283-2}
}

@article{Xu11,
author = {Xu, Jian-Xin},
title = {A survey on iterative learning control for nonlinear systems},
journal = {International Journal of Control},
volume = {84},
number = {7},
pages = {1275-1294},
year = {2011},
doi = {10.1080/00207179.2011.574236},
URL = {http://dx.doi.org/10.1080/00207179.2011.574236},
eprint = {http://dx.doi.org/10.1080/00207179.2011.574236}
}