@book{Sutton98,
 author = {Sutton, Richard S. and Barto, Andrew G.},
 title = {Introduction to Reinforcement Learning},
 year = {1998},
 isbn = {0262193981},
 edition = {1st},
 publisher = {MIT Press},
 address = {Cambridge, MA, USA},
} 

@article{Muelling13,
  author = "Muelling, K. and  Kober, J. and  Kroemer, O. and  Peters, J.",
  year = "2013",
  title = "Learning to Select and Generalize Striking Movements in Robot Table Tennis",
  journal = "International Journal of Robotics Research",
  key = "gert",
  URL =		"http://www.ias.informatik.tu-darmstadt.de/uploads/Publications/Muelling_IJRR_2013.pdf",
  number = "3",
  pages = "263-279",
  %crossref = "p10589"
}

@inproceedings{Theodorou10,
  author ="Theodorou, E. A. and Buchli, J. and Schaal, S.",
  year ="2010",
  title ="Learning Policy Improvements with Path Integrals",
  booktitle ="International Conference on  Artificial Intelligence and Statistics (AISTATS 2010)",
  key = "reinforcement learning, optimal control, pi2",
  URL =	 "http://www-clmc.usc.edu/publications/T/theodorou-AISTATS2010.pdf",
  crossref ="p10310"
}

@inproceedings{Deisenroth11,
  author =		 "Deisenroth, M.P. and  Rasmussen, C.E.",
  year =		 "2011",
  title =		 "PILCO: A Model-Based and Data-Efficient Approach to Policy Search",
  booktitle =		 "International Conference on Machine Learning (ICML 2011)",
  key =			 "gaussian process, reinforcement learning, policy search",
  URL =			 "http://www.ias.informatik.tu-darmstadt.de/uploads/Publications/Deisenroth_ICML_2011.pdf",
  crossref =		 "p10511"
}

@article{Kober13,
    author = {Jens Kober and J. Andrew Bagnell and Jan Peters},
    title = {Reinforcement Learning in Robotics: A Survey},
    year = {2013},
    journal = {International Journal of Robotics Research},
}

@INPROCEEDINGS{Kober09, 
author={Kober, J. and Peters, J.}, 
booktitle={Robotics and Automation, 2009. ICRA '09. IEEE International Conference on}, 
title={Learning motor primitives for robotics}, 
year={2009}, 
month={May}, 
pages={2112-2118}, 
keywords={Anthropomorphism;Cybernetics;Humans;Intelligent robots;Machine learning;Machine learning algorithms;Robot programming;Robotics and automation;Service robots;Stability}, 
doi={10.1109/ROBOT.2009.5152577}, 
ISSN={1050-4729},}

@article {Arimoto84,
author = {Arimoto, Suguru and Kawamura, Sadao and Miyazaki, Fumio},
title = {Bettering operation of Robots by learning},
journal = {Journal of Robotic Systems},
volume = {1},
number = {2},
publisher = {Wiley Subscription Services, Inc., A Wiley Company},
issn = {1097-4563},
url = {http://dx.doi.org/10.1002/rob.4620010203},
doi = {10.1002/rob.4620010203},
pages = {123--140},
year = {1984},
}

@MISC{Norrloef02,
author = {Mikael Norrl\" of and Svante Gunnarsson},
title = {Time and frequency domain convergence properties in iterative learning control},
year = {2002}
},

@inproceedings{Kober08,
author = "Kober, J. and  Peters, J.",
year = "2009",
title = "Policy Search for Motor Primitives in Robotics",
booktitle = "Advances in Neural Information Processing Systems 22 (NIPS 2008), Cambridge, MA: MIT Press",
URL = "http://www-clmc.usc.edu/publications/K/kober_NIPS2008.pdf",
}

@InProceedings{Peter10,
author = "Peters, Jan and  M{\"u}lling, Katharina and Alt{\"u}n, Yasemin",
title = "Relative Entropy Policy Search",
booktitle = "Proceedings of the Twenty-Fourth AAAI Conference on Artificial Intelligence (AAAI 2010)",
year = "2010",
editor = "Fox, Maria and Poole, David",
publisher = "AAAI Press",
pages = "1607--1612",
url = "http://kyb.mpg.de/fileadmin/user_upload/files/publications/attachments/AAAI-2010-Peters_6439%5B0%5D.pdf",
bib2html_rescat = "Learning Methods",
}

@INPROCEEDINGS{Gams13, 
author={Gams, A. and Nemec, B. and Zlajpah, L. and Wachter, M. and Ijspeert, A. and Asfour, T. and Ude, A.}, 
booktitle={Intelligent Robots and Systems (IROS), 2013 IEEE/RSJ International Conference on}, 
title={Modulation of motor primitives using force feedback: Interaction with the environment and bimanual tasks}, 
year={2013}, 
month={Nov}, 
pages={5629-5635}, 
keywords={feedforward;force feedback;humanoid robots;iterative methods;learning systems;mobile robots;self-adjusting systems;ARMAR-III humanoid robot;KUKA LWR robots;bimanual tasks;discrete trajectory generation;dynamic movement primitives;external force;feed-forward fashion;force feedback;interaction task;iterative learning control algorithm;motor primitive modulation;object lifting task;periodic trajectory generation;physical interaction;tightly coupled cooperative tasks;two-agent obstacle avoidance tasks;Collision avoidance;Couplings;Force;Modulation;Robot sensing systems;Trajectory}, 
doi={10.1109/IROS.2013.6697172}, 
ISSN={2153-0858},}

@article{Lee97,
title = "A note on convergence property of iterative learning controller with respect to sup norm ",
journal = "Automatica ",
volume = "33",
number = "8",
pages = "1591 - 1593",
year = "1997",
note = "",
issn = "0005-1098",
doi = "http://dx.doi.org/10.1016/S0005-1098(97)00068-X",
url = "http://www.sciencedirect.com/science/article/pii/S000510989700068X",
author = "Hak-Sung Lee and Zeungnam Bien",
}

@ARTICLE{Longman2000,
author = {Longman, Richard W.},
title = {Iterative learning control and repetitive control for engineering
practice},
journal = {International Journal of Control},
year = {2000}, 
volume = {73},
number = {10},
pages = {930-954},
}

@ARTICLE{Bristow06,
  author = {Bristow, D.A. and Tharayil, M. and Alleyne, A.G.},
  title = {A survey of iterative learning control},
  journal = {Control Systems, IEEE},
  year = {2006},
  volume = {26},
  pages = { 96 - 114},
  number = {3},
  month = {june},
  doi = {10.1109/MCS.2006.1636313},
  issn = {1066-033X},
  keywords = { design techniques; feedback control; feedforward control; iterative
	learning control; learning algorithms; learning transient behavior;
	robotics; stability; adaptive control; control system analysis; control
	system synthesis; feedback; feedforward; iterative methods; learning
	systems; robust control;}
}

@ARTICLE{Schoellig12,
  author = {Schoellig, Angela P. and Mueller, Fabian L. and D'Andrea, Raffaello},
  title = {Optimization-based iterative learning for precise quadrocopter trajectory
	tracking},
  journal = {Autonomous Robots},
  year = {2012},
  volume = {33},
  pages = {103-127},
  doi = {10.1007/s10514-012-9283-2},
  issn = {0929-5593},
  issue = {1-2},
  keywords = {Motion planning and control; Aerial robotics; Quadrocopter control;
	Trajectory tracking; Learning; Input and state constraints; Kalman
	filtering; Convex optimization},
  language = {English},
  publisher = {Springer US},
  url = {http://dx.doi.org/10.1007/s10514-012-9283-2}
}

@article{Xu11,
author = {Xu, Jian-Xin},
title = {A survey on iterative learning control for nonlinear systems},
journal = {International Journal of Control},
volume = {84},
number = {7},
pages = {1275-1294},
year = {2011},
doi = {10.1080/00207179.2011.574236},
URL = {http://dx.doi.org/10.1080/00207179.2011.574236},
eprint = {http://dx.doi.org/10.1080/00207179.2011.574236}
}

@book{Nocedal99,
author = {Nocedal, Jorge and Wright, Stephen J.},
title = {Numerical Optimization},
publisher = {Springer-Verlag},
address = {New York},
year = {1999},
}

@incollection{Schaal07,
title = "Dynamics systems vs. optimal control - a unifying view ",
editor = "Paul Cisek, Trevor Drew and John F. Kalaska",
booktitle = "Computational Neuroscience: Theoretical Insights into Brain Function",
publisher = "Elsevier",
year = "2007",
volume = "165",
pages = "425 - 445",
series = "Progress in Brain Research ",
issn = "0079-6123",
doi = "http://dx.doi.org/10.1016/S0079-6123(06)65027-9",
url ="http://www.sciencedirect.com/science/article/pii/S0079612306650279",
author = "Stefan Schaal and Peyman Mohajerian and Auke Ijspeert",
}

@article{Ijspeert13,
 author = {Ijspeert, Auke Jan and Nakanishi, Jun and Hoffmann, Heiko and Pastor, Peter and Schaal, Stefan},
 title = {Dynamical Movement Primitives: Learning Attractor Models for Motor Behaviors},
 journal = {Neural Comput.},
 issue_date = {February 2013},
 volume = {25},
 number = {2},
 month = feb,
 year = {2013},
 issn = {0899-7667},
 pages = {328--373},
 numpages = {46},
 url = {http://dx.doi.org/10.1162/NECO_a_00393},
 doi = {10.1162/NECO_a_00393},
 acmid = {2432781},
 publisher = {MIT Press},
 address = {Cambridge, MA, USA},
} 

@inproceedings{Paraschos13,
author = "Paraschos, A. and Daniel, C. and Peters, J. and Neumann, G",
year = 2013,
title = "Probabilistic Movement Primitives",
booktitle = "Advances in Neural Information Processing Systems (NIPS), Cambridge, MA: MIT Press."
}