@ARTICLE{Sussmann97, 
author={Sussmann, H.J. and Willems, J.C.}, 
journal={Control Systems, IEEE}, 
title={300 years of optimal control: from the brachystochrone to the maximum principle}, 
year={1997}, 
month={Jun}, 
volume={17}, 
number={3}, 
pages={32-44}, 
keywords={history;optimal control;reviews;Euler-Lagrange equations;Johann Bernoulli;brachystochrone;curve minimization;maximum principle;optimal control;Centralized control;Cities and towns;Cost function;Equations;Helium;History;Mathematics;Optimal control;Reflection;Sufficient conditions}, 
doi={10.1109/37.588098}, 
ISSN={1066-033X},}

@ARTICLE{Doyle78,
author={Doyle, J.C.}, 
journal={Automatic Control, IEEE Transactions on}, 
title={Guaranteed margins for LQG regulators}, 
year={1978}, 
month={Aug}, 
volume={23}, 
number={4}, 
pages={756-757}, 
keywords={Linear systems, stochastic continuous-time;Optimal regulators;Optimal stochastic control;Stochastic optimal control;Algorithm design and analysis;Filters;Gain;Guidelines;Noise measurement;Open loop systems;Regulators;Robustness;Three-term control;White noise}, 
doi={10.1109/TAC.1978.1101812}, 
ISSN={0018-9286},}

@misc{wiki,
   author = "Wikipedia",
   title = "Table Tennis --- {W}ikipedia{,} The Free Encyclopedia",
   year = "2014",
   url = "http://en.wikipedia.org/wiki/Table_tennis",
   note = "[Online; accessed 19-November-2014]"
 }