@book{Sutton98,
 author = {Sutton, Richard S. and Barto, Andrew G.},
 title = {Introduction to Reinforcement Learning},
 year = {1998},
 isbn = {0262193981},
 edition = {1st},
 publisher = {MIT Press},
 address = {Cambridge, MA, USA},
} 

@techreport{Schaal06,
    author = {Schaal, S.},
    citeulike-article-id = {7218863},
    key = {simulation environment, documentation, real-time control envirionment, motor control},
    priority = {2},
    publisher = {university of southern california},
    title = {The {SL} simulation and real-time control software package},
    year = {2006}
}


@inproceedings{Kober10,
  author =		 "Kober, J. and  Muelling, K. and  Kroemer, O. and  Lampert, C.H. and  Schoelkopf, B. and  Peters, J.",
  year =		 "2010",
  title =		 "Movement Templates for Learning of Hitting and Batting",
  booktitle =		 "IEEE International Conference on Robotics and Automation (ICRA)",
  URL =			 "http://www.ias.informatik.tu-darmstadt.de/publications/ICRA2010-Kober_6231[1].pdf",
  crossref =		 "p10314"
}

@INPROCEEDINGS{Tassa08,
  author = {Tassa, Yuval and Erez, Tom and Smart, William D},
  title = {Receding horizon differential dynamic programming},
  booktitle = {Advances in neural information processing systems {(NIPS)}},
  year = {2008},
  pages = {1465--1472},
  keywords = {tassa2008receding horizon differential dynamic programming}
}

@book{Spong06,
   title = "Robot modeling and control",
   author = "Spong, Mark W. and Hutchinson, Seth and Vidyasagar, Mathukumalli",
   publisher = "John Wiley \& Sons",
   address = "Hoboken (N.J.)",
   url = "http://opac.inria.fr/record=b1119287",
   isbn = "0-471-64990-2",
   year = 2006
}

@article{Muelling13,
  author = "Muelling, K. and  Kober, J. and  Kroemer, O. and  Peters, J.",
  year = "2013",
  title = "Learning to Select and Generalize Striking Movements in Robot Table Tennis",
  journal = "International Journal of Robotics Research",
  key = "gert",
  URL =		"http://www.ias.informatik.tu-darmstadt.de/uploads/Publications/Muelling_IJRR_2013.pdf",
  number = "3",
  pages = "263-279",
  %crossref = "p10589"
}

@inproceedings{Theodorou10,
  author ="Theodorou, E. A. and Buchli, J. and Schaal, S.",
  year ="2010",
  title ="Learning Policy Improvements with Path Integrals",
  booktitle ="International Conference on  Artificial Intelligence and Statistics (AISTATS 2010)",
  key = "reinforcement learning, optimal control, pi2",
  URL =	 "http://www-clmc.usc.edu/publications/T/theodorou-AISTATS2010.pdf",
  crossref ="p10310"
}

@inproceedings{Deisenroth11,
  author =		 "Deisenroth, M.P. and  Rasmussen, C.E.",
  year =		 "2011",
  title =		 "PILCO: A Model-Based and Data-Efficient Approach to Policy Search",
  booktitle =		 "International Conference on Machine Learning (ICML 2011)",
  key =			 "gaussian process, reinforcement learning, policy search",
  URL =			 "http://www.ias.informatik.tu-darmstadt.de/uploads/Publications/Deisenroth_ICML_2011.pdf",
  crossref =		 "p10511"
}

@ARTICLE{Moore07, 
author={Hyo-Sung Ahn and Yang Quan Chen and Moore, K.L.}, 
journal={Systems, Man, and Cybernetics, Part C: Applications and Reviews, IEEE Transactions on}, 
title={Iterative Learning Control: Brief Survey and Categorization}, 
year={2007}, 
month={Nov}, 
volume={37}, 
number={6}, 
pages={1099-1121}, 
keywords={adaptive control;iterative methods;learning systems;adaptive control;categorization;iterative learning control;Automatic control;Biological control systems;Biomedical engineering;Control systems;Engineering in medicine and biology;Manipulator dynamics;Manufacturing automation;Medical control systems;Optimal control;Space technology;Categorization;iterative learning control (ILC);literature review}, 
doi={10.1109/TSMCC.2007.905759}, 
ISSN={1094-6977},}

@article{Lampert12,
 author = {Lampert, Christoph H. and Peters, Jan},
 title = {Real-time Detection of Colored Objects in Multiple Camera Streams with Off-the-shelf Hardware Components},
 journal = {J. Real-Time Image Process.},
 issue_date = {March     2012},
 volume = {7},
 number = {1},
 month = mar,
 year = {2012},
 issn = {1861-8200},
 pages = {31--41},
 numpages = {11},
 url = {http://dx.doi.org/10.1007/s11554-010-0168-3},
 doi = {10.1007/s11554-010-0168-3},
 acmid = {2159297},
 publisher = {Springer-Verlag New York, Inc.},
 address = {Secaucus, NJ, USA},
 keywords = {3D trajectories, GPU/CUDA, Image processing, Object detection/tracking, Open source},
} 

@INPROCEEDINGS{Berg10, 
author={van den Berg, J. and Miller, S. and Duckworth, D. and Hu, H. and Wan, A. and Xiao-Yu Fu and Goldberg, K. and Abbeel, P.}, 
booktitle={Robotics and Automation (ICRA), 2010 IEEE International Conference on}, 
title={Superhuman performance of surgical tasks by robots using iterative learning from human-guided demonstrations}, 
year={2010}, 
month={May}, 
pages={2074-2081}, 
keywords={iterative methods;learning systems;medical robotics;motion control;position control;surgery;Berkeley surgical robot;apprenticeship learning;handed knot-tie;human-guided backdriven motion;human-guided demonstration;human-guided trajectory;iterative learning;robotic surgical assistant;smooth reference trajectory;superhuman performance;surgeon;surgical task;suturing subtask;Hardware;Hospitals;Humans;Intelligent robots;Medical robotics;Orbital robotics;Robotics and automation;Surgery;Trajectory;USA Councils}, 
doi={10.1109/ROBOT.2010.5509621}, 
ISSN={1050-4729},}

@ARTICLE{Flash85,
    author = {Tamar Flash and Neville Hogans},
    title = {The Coordination of Arm Movements: An Experimentally Confirmed Mathematical Model},
    journal = {Journal of neuroscience},
    year = {1985},
    volume = {5},
    pages = {1688--1703}
}

@INPROCEEDINGS{Ijspeert02, 
author={Ijspeert, A.J. and Nakanishi, J. and Schaal, S.}, 
booktitle={Robotics and Automation, 2002. Proceedings. ICRA '02. IEEE International Conference on}, 
title={Movement imitation with nonlinear dynamical systems in humanoid robots}, 
year={2002}, 
month={}, 
volume={2}, 
pages={1398-1403}, 
keywords={learning by example;nonlinear dynamical systems;path planning;robot kinematics;robot programming;stability;attractor dynamics;attractor landscape;control policy;humanoid robots;imitation learning;learning algorithm;locally weighted regression technique;movement imitation;movement planning;movement plans;multi-joint human movements;nonlinear differential equations;nonlinear dynamical systems;online trajectory modification;Biological system modeling;Control systems;Convergence;Encoding;Humanoid robots;Humans;Laboratories;Nonlinear dynamical systems;Robustness;Trajectory}, 
doi={10.1109/ROBOT.2002.1014739},}

@article {Arimoto84,
author = {Arimoto, Suguru and Kawamura, Sadao and Miyazaki, Fumio},
title = {Bettering operation of Robots by learning},
journal = {Journal of Robotic Systems},
volume = {1},
number = {2},
publisher = {Wiley Subscription Services, Inc., A Wiley Company},
issn = {1097-4563},
url = {http://dx.doi.org/10.1002/rob.4620010203},
doi = {10.1002/rob.4620010203},
pages = {123--140},
year = {1984},
}

@MISC{Norrloef02,
author = {Mikael Norrl\" of and Svante Gunnarsson},
title = {Time and frequency domain convergence properties in iterative learning control},
year = {2002}
},

@inproceedings{Kober08,
author = "Kober, J. and  Peters, J.",
year = "2009",
title = "Policy Search for Motor Primitives in Robotics",
booktitle = "Advances in Neural Information Processing Systems 22 (NIPS 2008), Cambridge, MA: MIT Press",
URL = "http://www-clmc.usc.edu/publications/K/kober_NIPS2008.pdf",
}

@InProceedings{Peter10,
author = "Peters, Jan and  M{\"u}lling, Katharina and Alt{\"u}n, Yasemin",
title = "Relative Entropy Policy Search",
booktitle = "Proceedings of the Twenty-Fourth AAAI Conference on Artificial Intelligence (AAAI 2010)",
year = "2010",
editor = "Fox, Maria and Poole, David",
publisher = "AAAI Press",
pages = "1607--1612",
url = "http://kyb.mpg.de/fileadmin/user_upload/files/publications/attachments/AAAI-2010-Peters_6439%5B0%5D.pdf",
bib2html_rescat = "Learning Methods",
}

@article{Gunnarsson01,
 author = {Gunnarsson, Svante and Norrl\"{o}F, Mikael},
 title = {Brief On the Design of ILC Algorithms Using Optimization},
 journal = {Automatica},
 issue_date = {December, 2001},
 volume = {37},
 number = {12},
 month = dec,
 year = {2001},
 issn = {0005-1098},
 pages = {2011--2016},
 numpages = {6},
 url = {http://dx.doi.org/10.1016/S0005-1098(01)00154-6},
 doi = {10.1016/S0005-1098(01)00154-6},
 acmid = {2236738},
 publisher = {Pergamon Press, Inc.},
 address = {Tarrytown, NY, USA},
 keywords = {Frequency domains, Learning control, Non-minimum phase systems, Optimization, Robotics},
} 

@book{Liberzon11,
 author = {Liberzon, Daniel},
 title = {Calculus of Variations and Optimal Control Theory: A Concise Introduction},
 year = {2011},
 isbn = {0691151873, 9780691151878},
 publisher = {Princeton University Press},
 address = {Princeton, NJ, USA},
} 

@MISC{Amann95,
    author = {Notker Amann and David H. Owens and Eric Rogers},
    title = {Iterative Learning Control for Discrete Time Systems with Exponential Rate of Convergence},
    year = {1995}
}

@INPROCEEDINGS{Gams13, 
author={Gams, A. and Nemec, B. and Zlajpah, L. and Wachter, M. and Ijspeert, A. and Asfour, T. and Ude, A.}, 
booktitle={Intelligent Robots and Systems (IROS), 2013 IEEE/RSJ International Conference on}, 
title={Modulation of motor primitives using force feedback: Interaction with the environment and bimanual tasks}, 
year={2013}, 
month={Nov}, 
pages={5629-5635}, 
keywords={feedforward;force feedback;humanoid robots;iterative methods;learning systems;mobile robots;self-adjusting systems;ARMAR-III humanoid robot;KUKA LWR robots;bimanual tasks;discrete trajectory generation;dynamic movement primitives;external force;feed-forward fashion;force feedback;interaction task;iterative learning control algorithm;motor primitive modulation;object lifting task;periodic trajectory generation;physical interaction;tightly coupled cooperative tasks;two-agent obstacle avoidance tasks;Collision avoidance;Couplings;Force;Modulation;Robot sensing systems;Trajectory}, 
doi={10.1109/IROS.2013.6697172}, 
ISSN={2153-0858},}

@ARTICLE{Longman2000,
author = {Longman, Richard W.},
title = {Iterative learning control and repetitive control for engineering
practice},
journal = {International Journal of Control},
year = {2000}, 
volume = {73},
number = {10},
pages = {930-954},
}

@incollection{Moore99,
year={1999},
isbn={978-1-4612-6822-2},
booktitle={Applied and Computational Control, Signals, and Circuits},
editor={Datta, BiswaNath},
doi={10.1007/978-1-4612-0571-5_4},
title={Iterative Learning Control: An Expository Overview},
url={http://dx.doi.org/10.1007/978-1-4612-0571-5_4},
publisher={Birkhauser Boston},
author={Moore, Kevin L.},
pages={151-214},
language={English}
}

@ARTICLE{Bristow06,
  author = {Bristow, D.A. and Tharayil, M. and Alleyne, A.G.},
  title = {A survey of iterative learning control},
  journal = {Control Systems, IEEE},
  year = {2006},
  volume = {26},
  pages = { 96 - 114},
  number = {3},
  month = {june},
  doi = {10.1109/MCS.2006.1636313},
  issn = {1066-033X},
  keywords = { design techniques; feedback control; feedforward control; iterative
	learning control; learning algorithms; learning transient behavior;
	robotics; stability; adaptive control; control system analysis; control
	system synthesis; feedback; feedforward; iterative methods; learning
	systems; robust control;}
}

@ARTICLE{Schoellig12,
  author = {Schoellig, Angela P. and Mueller, Fabian L. and D'Andrea, Raffaello},
  title = {Optimization-based iterative learning for precise quadrocopter trajectory
	tracking},
  journal = {Autonomous Robots},
  year = {2012},
  volume = {33},
  pages = {103-127},
  doi = {10.1007/s10514-012-9283-2},
  issn = {0929-5593},
  issue = {1-2},
  keywords = {Motion planning and control; Aerial robotics; Quadrocopter control;
	Trajectory tracking; Learning; Input and state constraints; Kalman
	filtering; Convex optimization},
  language = {English},
  publisher = {Springer US},
  url = {http://dx.doi.org/10.1007/s10514-012-9283-2}
}

@article{Xu11,
author = {Xu, Jian-Xin},
title = {A survey on iterative learning control for nonlinear systems},
journal = {International Journal of Control},
volume = {84},
number = {7},
pages = {1275-1294},
year = {2011},
doi = {10.1080/00207179.2011.574236},
URL = {http://dx.doi.org/10.1080/00207179.2011.574236},
eprint = {http://dx.doi.org/10.1080/00207179.2011.574236}
}

@book{Nocedal99,
author = {Nocedal, Jorge and Wright, Stephen J.},
title = {Numerical Optimization},
publisher = {Springer-Verlag},
address = {New York},
year = {1999},
}

@article{Ijspeert13,
 author = {Ijspeert, Auke Jan and Nakanishi, Jun and Hoffmann, Heiko and Pastor, Peter and Schaal, Stefan},
 title = {Dynamical Movement Primitives: Learning Attractor Models for Motor Behaviors},
 journal = {Neural Comput.},
 issue_date = {February 2013},
 volume = {25},
 number = {2},
 month = feb,
 year = {2013},
 issn = {0899-7667},
 pages = {328--373},
 numpages = {46},
 url = {http://dx.doi.org/10.1162/NECO_a_00393},
 doi = {10.1162/NECO_a_00393},
 acmid = {2432781},
 publisher = {MIT Press},
 address = {Cambridge, MA, USA},
} 

@inproceedings{Paraschos13,
author = "Paraschos, A. and Daniel, C. and Peters, J. and Neumann, G",
year = 2013,
title = "Probabilistic Movement Primitives",
booktitle = "Advances in Neural Information Processing Systems (NIPS), Cambridge, MA: MIT Press."
}

@ARTICLE{Maeda2015Combined,
  author = {Guilherme J. Maeda and Ian Manchester and David Rye},
  title = {In press: Combined {ILC} and Disturbance Observer for the Rejection of Near-Repetitive
	Disturbances, with Application to Excavation},
  journal = {IEEE Transactions on Control Systems Technology},
  year = {2015},
  month = {March},
  file = {Maeda2015Combined ILC Disturbance Observer Rejection Near Repetitive Disturbances Autonomous Excavation.pdf:Maeda2015Combined ILC Disturbance Observer Rejection Near Repetitive Disturbances Autonomous Excavation.pdf:PDF},
  keywords = {Maeda2015Combined ILC Disturbance Observer Rejection Near Repetitive
	Disturbances Autonomous Excavation}
}

@ARTICLE{Sutton99,
    author = {Richard Sutton and Doina Precup and Satinder Singh},
    title = {Between MDPs and Semi-MDPs: A Framework for Temporal Abstraction in Reinforcement Learning},
    journal = {Artificial Intelligence},
    year = {1999},
    volume = {112},
    pages = {181--211}
}


@article{Hillenbrand00,
author = {Stefan Hillenbrand and Madhukar Pandit },
title = {An iterative learning controller with reduced sampling rate for plants with variations of initial states},
journal = {International Journal of Control},
volume = {73},
number = {10},
pages = {882-889},
year = {2000},
doi = {10.1080/002071700405860},
}

@article{Park00,
author = {Kwang-Hyun Park and Zeungnam Bien },
title = {A generalized iterative learning controller against initial state error},
journal = {International Journal of Control},
volume = {73},
number = {10},
pages = {871-881},
year = {2000},
doi = {10.1080/002071700405851},
}

@ARTICLE{Fang03, 
author={Yong Fang and Chow, T.W.S.}, 
journal={Circuits and Systems I: Fundamental Theory and Applications, IEEE Transactions on}, 
title={2-D analysis for iterative learning controller for discrete-time systems with variable initial conditions}, 
year={2003}, 
volume={50}, 
number={5}, 
pages={722-727}, 
keywords={control system analysis;convergence;discrete time systems;iterative methods;learning systems;linear systems;matrix algebra;2D system theory;convergence;iterative learning controller;learning control rules;learning rule convergence;linear discrete-time multivariable systems;tracking errors;variable initial conditions;Control systems;Convergence;MIMO;Nonlinear dynamical systems;Nonlinear systems;Numerical simulation;Robots;Robustness;Sufficient conditions;Two dimensional displays}, 
doi={10.1109/TCSI.2003.811029}, 
ISSN={1057-7122}, 
month={May},}

@article{Chin04,
 author = {Chin, Insik and Qin, S.Joe and Lee, Kwang S. and Cho, Moonki},
 title = {A Two-stage Iterative Learning Control Technique Combined with Real-time Feedback for Independent Disturbance Rejection},
 journal = {Automatica},
 issue_date = {November, 2004},
 volume = {40},
 number = {11},
 month = nov,
 year = {2004},
 issn = {0005-1098},
 pages = {1913--1922},
 numpages = {10},
 url = {http://dx.doi.org/10.1016/j.automatica.2004.05.011},
 doi = {10.1016/j.automatica.2004.05.011},
 acmid = {2239632},
 publisher = {Pergamon Press, Inc.},
 address = {Tarrytown, NY, USA},
 keywords = {Batch process control, Iterative learning control, Model predictive control, Run-to-run control, Stochastic control},
} 

@INPROCEEDINGS{Bolder14, 
author={Bolder, J. and Oomen, T. and Steinbuch, M.}, 
booktitle={Decision and Control (CDC), 2014 IEEE 53rd Annual Conference on}, 
title={Aspects in inferential Iterative Learning Control: A 2D systems analysis}, 
year={2014}, 
pages={3584-3589}, 
keywords={adaptive control;control system analysis;discrete time systems;feedback;iterative learning control;iterative methods;linear systems;stability;2D stability;2D system analysis;2D systems;ILC algorithm;batch-to-batch control strategies;discrete linear repetitive processes;dynamic learning filters;explicit analysis;feedback control;inferential iterative learning control;measured variables;medium positioning drive;performance requirements;performance variables;printing system;time-trial dynamics;Adaptive control;Asymptotic stability;Convergence;Eigenvalues and eigenfunctions;Heuristic algorithms;Stability criteria}, 
doi={10.1109/CDC.2014.7039946}, 
month={Dec},}

@book{Rogers07,
author = {Rogers, E. and Galkowski, K. and Owens, David H.},
title = {Control Systems Theory and Applications for Linear Repetitive Processes},
publisher = {Springer-Verlag},
year = {2007},
}

@INPROCEEDINGS{Ghosh99, 
author={Ghosh, J. and Paden, B.}, 
booktitle={Decision and Control, 1999. Proceedings of the 38th IEEE Conference on}, 
title={Pseudo-inverse based iterative learning control for nonlinear plants with disturbances}, 
year={1999}, 
volume={5}, 
pages={5206-5212 vol.5}, 
keywords={learning systems;nonlinear control systems;robust control;self-adjusting systems;tracking;asymptotic trajectory error;bounded disturbances;initialization errors;nonlinear nonminimum phase plants;pseudo-inverse based iterative learning control;stable-inversion based learning controller;tracking error;Control systems;Error correction;Frequency;Industrial control;Iterative algorithms;Process control;Production;Service robots;System performance;Tuning}, 
doi={10.1109/CDC.1999.833379}, 
ISSN={0191-2216}, 
month={},}