@book{DiRuscio95,
author={DiRuscio, David},  
title={Subspace System Identification
Theory and applications}, 
year={1995}, 
month={January}, 
}

@misc{wiki,
   author = "Wikipedia",
   title = "Total Least Squares --- {W}ikipedia{,} The Free Encyclopedia",
   year = "2015",
   url = "http://en.wikipedia.org/wiki/Table_tennis",
   note = "[Online; accessed 23-June-2015]"
}

@techreport{Golub:1980:ATL:867497,
 author = {Golub, Gene H. and Van Loan, Charles},
 title = {An Analysis of the Total Least Squares Problem},
 year = {1980},
 source = {http://www.ncstrl.org:8900/ncstrl/servlet/search?formname=detail\&id=oai%3Ancstrlh%3Acornellcs%3ACORNELLCS%3ATR80-411},
 publisher = {Cornell University},
 address = {Ithaca, NY, USA},
} 