@book{Sutton98,
 author = {Sutton, Richard S. and Barto, Andrew G.},
 title = {Introduction to Reinforcement Learning},
 year = {1998},
 isbn = {0262193981},
 edition = {1st},
 publisher = {MIT Press},
 address = {Cambridge, MA, USA},
} 

@inproceedings{Kober08,
author = "Kober, J. and  Peters, J.",
year = "2009",
title = "Policy Search for Motor Primitives in Robotics",
booktitle = "Advances in Neural Information Processing Systems 22 (NIPS 2008), Cambridge, MA: MIT Press",
URL = "http://www-clmc.usc.edu/publications/K/kober_NIPS2008.pdf",
}

@InProceedings{Peter10,
author = "Peters, Jan and  M{\"u}lling, Katharina and Alt{\"u}n, Yasemin",
title = "Relative Entropy Policy Search",
booktitle = "Proceedings of the Twenty-Fourth AAAI Conference on Artificial Intelligence (AAAI 2010)",
year = "2010",
editor = "Fox, Maria and Poole, David",
publisher = "AAAI Press",
pages = "1607--1612",
url = "http://kyb.mpg.de/fileadmin/user_upload/files/publications/attachments/AAAI-2010-Peters_6439%5B0%5D.pdf",
bib2html_rescat = "Learning Methods",
}

@ARTICLE{Longman2000,
author = {Longman, Richard W.},
title = {Iterative learning control and repetitive control for engineering
practice},
journal = {International Journal of Control},
year = {2000}, 
volume = {73},
number = {10},
pages = {930-954},
}

@ARTICLE{Bristow06,
  author = {Bristow, D.A. and Tharayil, M. and Alleyne, A.G.},
  title = {A survey of iterative learning control},
  journal = {Control Systems, IEEE},
  year = {2006},
  volume = {26},
  pages = { 96 - 114},
  number = {3},
  month = {june},
  doi = {10.1109/MCS.2006.1636313},
  issn = {1066-033X},
  keywords = { design techniques; feedback control; feedforward control; iterative
	learning control; learning algorithms; learning transient behavior;
	robotics; stability; adaptive control; control system analysis; control
	system synthesis; feedback; feedforward; iterative methods; learning
	systems; robust control;}
}

@book{Nocedal99,
author = {Nocedal, Jorge and Wright, Stephen J.},
title = {Numerical Optimization},
publisher = {Springer-Verlag},
address = {New York},
year = {1999},
}

@book{Liberzon11,
 author = {Liberzon, Daniel},
 title = {Calculus of Variations and Optimal Control Theory: A Concise Introduction},
 year = {2011},
 isbn = {0691151873, 9780691151878},
 publisher = {Princeton University Press},
 address = {Princeton, NJ, USA},
} 

@INPROCEEDINGS{Ijspeert02, 
author={Ijspeert, A.J. and Nakanishi, J. and Schaal, S.}, 
booktitle={Robotics and Automation, 2002. Proceedings. ICRA '02. IEEE International Conference on}, 
title={Movement imitation with nonlinear dynamical systems in humanoid robots}, 
year={2002}, 
month={}, 
volume={2}, 
pages={1398-1403}, 
keywords={learning by example;nonlinear dynamical systems;path planning;robot kinematics;robot programming;stability;attractor dynamics;attractor landscape;control policy;humanoid robots;imitation learning;learning algorithm;locally weighted regression technique;movement imitation;movement planning;movement plans;multi-joint human movements;nonlinear differential equations;nonlinear dynamical systems;online trajectory modification;Biological system modeling;Control systems;Convergence;Encoding;Humanoid robots;Humans;Laboratories;Nonlinear dynamical systems;Robustness;Trajectory}, 
doi={10.1109/ROBOT.2002.1014739},}

@article{Ijspeert13,
 author = {Ijspeert, Auke Jan and Nakanishi, Jun and Hoffmann, Heiko and Pastor, Peter and Schaal, Stefan},
 title = {Dynamical Movement Primitives: Learning Attractor Models for Motor Behaviors},
 journal = {Neural Comput.},
 issue_date = {February 2013},
 volume = {25},
 number = {2},
 month = feb,
 year = {2013},
 issn = {0899-7667},
 pages = {328--373},
 numpages = {46},
 url = {http://dx.doi.org/10.1162/NECO_a_00393},
 doi = {10.1162/NECO_a_00393},
 acmid = {2432781},
 publisher = {MIT Press},
 address = {Cambridge, MA, USA},
} 

@inproceedings{Paraschos13,
author = "Paraschos, A. and Daniel, C. and Peters, J. and Neumann, G",
year = 2013,
title = "Probabilistic Movement Primitives",
booktitle = "Advances in Neural Information Processing Systems (NIPS), Cambridge, MA: MIT Press."
}

@techreport{Schaal06,
    author = {Schaal, S.},
    citeulike-article-id = {7218863},
    key = {simulation environment, documentation, real-time control envirionment, motor control},
    priority = {2},
    publisher = {university of southern california},
    title = {The {SL} simulation and real-time control software package},
    year = {2006}
}

@book{Spong06,
   title = "Robot modeling and control",
   author = "Spong, Mark W. and Hutchinson, Seth and Vidyasagar, Mathukumalli",
   publisher = "John Wiley \& Sons",
   address = "Hoboken (N.J.)",
   url = "http://opac.inria.fr/record=b1119287",
   isbn = "0-471-64990-2",
   year = 2006
}

@article{Muelling13,
  author = "Muelling, K. and  Kober, J. and  Kroemer, O. and  Peters, J.",
  year = "2013",
  title = "Learning to Select and Generalize Striking Movements in Robot Table Tennis",
  journal = "International Journal of Robotics Research",
  key = "gert",
  URL =		"http://www.ias.informatik.tu-darmstadt.de/uploads/Publications/Muelling_IJRR_2013.pdf",
  number = "3",
  pages = "263-279",
  %crossref = "p10589"
}

@article{Lampert12,
 author = {Lampert, Christoph H. and Peters, Jan},
 title = {Real-time Detection of Colored Objects in Multiple Camera Streams with Off-the-shelf Hardware Components},
 journal = {J. Real-Time Image Process.},
 issue_date = {March     2012},
 volume = {7},
 number = {1},
 month = mar,
 year = {2012},
 issn = {1861-8200},
 pages = {31--41},
 numpages = {11},
 url = {http://dx.doi.org/10.1007/s11554-010-0168-3},
 doi = {10.1007/s11554-010-0168-3},
 acmid = {2159297},
 publisher = {Springer-Verlag New York, Inc.},
 address = {Secaucus, NJ, USA},
 keywords = {3D trajectories, GPU/CUDA, Image processing, Object detection/tracking, Open source},
} 

@ARTICLE{Flash85,
    author = {Tamar Flash and Neville Hogans},
    title = {The Coordination of Arm Movements: An Experimentally Confirmed Mathematical Model},
    journal = {Journal of neuroscience},
    year = {1985},
    volume = {5},
    pages = {1688--1703}
}

@inproceedings{Koc15,
  title = {Optimizing Robot Striking Movement Primitives with Iterative Learning Control},
  author = {Koc, O. and Maeda, G. and Neumann, G. and Peters, J.},
  booktitle = {15th {IEEE-RAS} International Conference on Humanoid Robots},
  year = {2015}
}

@ARTICLE{Matsushima05, 
author={Matsushima, M. and Hashimoto, T. and Takeuchi, M. and Miyazaki, F.}, 
journal={Robotics, IEEE Transactions on}, 
title={A Learning Approach to Robotic Table Tennis}, 
year={2005}, 
volume={21}, 
number={4}, 
pages={767-771}, 
keywords={feedforward;intelligent robots;learning (artificial intelligence);mobile robots;sport;feedforward control;flight duration;iterative learning control;locally weighted regression;robotic table tennis;Feedback control;Feedforward systems;Humans;Mirrors;Psychology;Robots;Timing;Weight control;Inputâ€“output map;iterative learning control;locally weighted regression (LWR);table tennis robot}, 
doi={10.1109/TRO.2005.844689}, 
ISSN={1552-3098}, 
month={Aug},}

@inproceedings{
author={\v{S}techa, J. and Rathousky, J.},
title={Stochastic maximum principle},
booktitle = {18th IFAC World Congress},
year = {2011}
}