@article{Muelling13,
  author = "Muelling, K. and  Kober, J. and  Kroemer, O. and  Peters, J.",
  year = "2013",
  title = "Learning to Select and Generalize Striking Movements in Robot Table Tennis",
  journal = "International Journal of Robotics Research",
  key = "gert",
  URL =		"http://www.ias.informatik.tu-darmstadt.de/uploads/Publications/Muelling_IJRR_2013.pdf",
  number = "3",
  pages = "263-279",
  %crossref = "p10589"
}

@article{Lampert12,
 author = {Lampert, Christoph H. and Peters, Jan},
 title = {Real-time Detection of Colored Objects in Multiple Camera Streams with Off-the-shelf Hardware Components},
 journal = {J. Real-Time Image Process.},
 issue_date = {March     2012},
 volume = {7},
 number = {1},
 month = mar,
 year = {2012},
 issn = {1861-8200},
 pages = {31--41},
 numpages = {11},
 url = {http://dx.doi.org/10.1007/s11554-010-0168-3},
 doi = {10.1007/s11554-010-0168-3},
 acmid = {2159297},
 publisher = {Springer-Verlag New York, Inc.},
 address = {Secaucus, NJ, USA},
 keywords = {3D trajectories, GPU/CUDA, Image processing, Object detection/tracking, Open source},
} 