@book{Sutton98,
 author = {Sutton, Richard S. and Barto, Andrew G.},
 title = {Introduction to Reinforcement Learning},
 year = {1998},
 isbn = {0262193981},
 edition = {1st},
 publisher = {MIT Press},
 address = {Cambridge, MA, USA},
} 

@article{Muelling13,
  author = "Muelling, K. and  Kober, J. and  Kroemer, O. and  Peters, J.",
  year = "2013",
  title = "Learning to Select and Generalize Striking Movements in Robot Table Tennis",
  journal = "International Journal of Robotics Research",
  key = "gert",
  URL =		"http://www.ias.informatik.tu-darmstadt.de/uploads/Publications/Muelling_IJRR_2013.pdf",
  number = "3",
  pages = "263-279",
  %crossref = "p10589"
}

@inproceedings{Theodorou10,
  author ="Theodorou, E. A. and Buchli, J. and Schaal, S.",
  year ="2010",
  title ="Learning Policy Improvements with Path Integrals",
  booktitle ="International Conference on  Artificial Intelligence and Statistics (AISTATS 2010)",
  key = "reinforcement learning, optimal control, pi2",
  URL =	 "http://www-clmc.usc.edu/publications/T/theodorou-AISTATS2010.pdf",
  crossref ="p10310"
}

@inproceedings{Deisenroth11,
  author =		 "Deisenroth, M.P. and  Rasmussen, C.E.",
  year =		 "2011",
  title =		 "PILCO: A Model-Based and Data-Efficient Approach to Policy Search",
  booktitle =		 "International Conference on Machine Learning (ICML 2011)",
  key =			 "gaussian process, reinforcement learning, policy search",
  URL =			 "http://www.ias.informatik.tu-darmstadt.de/uploads/Publications/Deisenroth_ICML_2011.pdf",
  crossref =		 "p10511"
}

@article{Kober13,
    author = {Jens Kober and J. Andrew Bagnell and Jan Peters},
    title = {Reinforcement Learning in Robotics: A Survey},
    year = {2013},
    journal = {International Journal of Robotics Research},
}

@article{Lampert12,
 author = {Lampert, Christoph H. and Peters, Jan},
 title = {Real-time Detection of Colored Objects in Multiple Camera Streams with Off-the-shelf Hardware Components},
 journal = {J. Real-Time Image Process.},
 issue_date = {March     2012},
 volume = {7},
 number = {1},
 month = mar,
 year = {2012},
 issn = {1861-8200},
 pages = {31--41},
 numpages = {11},
 url = {http://dx.doi.org/10.1007/s11554-010-0168-3},
 doi = {10.1007/s11554-010-0168-3},
 acmid = {2159297},
 publisher = {Springer-Verlag New York, Inc.},
 address = {Secaucus, NJ, USA},
 keywords = {3D trajectories, GPU/CUDA, Image processing, Object detection/tracking, Open source},
} 

@INPROCEEDINGS{Kober09, 
author={Kober, J. and Peters, J.}, 
booktitle={Robotics and Automation, 2009. ICRA '09. IEEE International Conference on}, 
title={Learning motor primitives for robotics}, 
year={2009}, 
month={May}, 
pages={2112-2118}, 
keywords={Anthropomorphism;Cybernetics;Humans;Intelligent robots;Machine learning;Machine learning algorithms;Robot programming;Robotics and automation;Service robots;Stability}, 
doi={10.1109/ROBOT.2009.5152577}, 
ISSN={1050-4729},}

@INPROCEEDINGS{Berg10, 
author={van den Berg, J. and Miller, S. and Duckworth, D. and Hu, H. and Wan, A. and Xiao-Yu Fu and Goldberg, K. and Abbeel, P.}, 
booktitle={Robotics and Automation (ICRA), 2010 IEEE International Conference on}, 
title={Superhuman performance of surgical tasks by robots using iterative learning from human-guided demonstrations}, 
year={2010}, 
month={May}, 
pages={2074-2081}, 
keywords={iterative methods;learning systems;medical robotics;motion control;position control;surgery;Berkeley surgical robot;apprenticeship learning;handed knot-tie;human-guided backdriven motion;human-guided demonstration;human-guided trajectory;iterative learning;robotic surgical assistant;smooth reference trajectory;superhuman performance;surgeon;surgical task;suturing subtask;Hardware;Hospitals;Humans;Intelligent robots;Medical robotics;Orbital robotics;Robotics and automation;Surgery;Trajectory;USA Councils}, 
doi={10.1109/ROBOT.2010.5509621}, 
ISSN={1050-4729},}

@ARTICLE{Flash85,
    author = {Tamar Flash and Neville Hogans},
    title = {The Coordination of Arm Movements: An Experimentally Confirmed Mathematical Model},
    journal = {Journal of neuroscience},
    year = {1985},
    volume = {5},
    pages = {1688--1703}
}

@INPROCEEDINGS{Ijspeert02, 
author={Ijspeert, A.J. and Nakanishi, J. and Schaal, S.}, 
booktitle={Robotics and Automation, 2002. Proceedings. ICRA '02. IEEE International Conference on}, 
title={Movement imitation with nonlinear dynamical systems in humanoid robots}, 
year={2002}, 
month={}, 
volume={2}, 
pages={1398-1403}, 
keywords={learning by example;nonlinear dynamical systems;path planning;robot kinematics;robot programming;stability;attractor dynamics;attractor landscape;control policy;humanoid robots;imitation learning;learning algorithm;locally weighted regression technique;movement imitation;movement planning;movement plans;multi-joint human movements;nonlinear differential equations;nonlinear dynamical systems;online trajectory modification;Biological system modeling;Control systems;Convergence;Encoding;Humanoid robots;Humans;Laboratories;Nonlinear dynamical systems;Robustness;Trajectory}, 
doi={10.1109/ROBOT.2002.1014739},}

@article {Arimoto84,
author = {Arimoto, Suguru and Kawamura, Sadao and Miyazaki, Fumio},
title = {Bettering operation of Robots by learning},
journal = {Journal of Robotic Systems},
volume = {1},
number = {2},
publisher = {Wiley Subscription Services, Inc., A Wiley Company},
issn = {1097-4563},
url = {http://dx.doi.org/10.1002/rob.4620010203},
doi = {10.1002/rob.4620010203},
pages = {123--140},
year = {1984},
}

@MISC{Norrloef02,
author = {Mikael Norrl\" of and Svante Gunnarsson},
title = {Time and frequency domain convergence properties in iterative learning control},
year = {2002}
},

@inproceedings{Kober08,
author = "Kober, J. and  Peters, J.",
year = "2009",
title = "Policy Search for Motor Primitives in Robotics",
booktitle = "Advances in Neural Information Processing Systems 22 (NIPS 2008), Cambridge, MA: MIT Press",
URL = "http://www-clmc.usc.edu/publications/K/kober_NIPS2008.pdf",
}

@InProceedings{Peter10,
author = "Peters, Jan and  M{\"u}lling, Katharina and Alt{\"u}n, Yasemin",
title = "Relative Entropy Policy Search",
booktitle = "Proceedings of the Twenty-Fourth AAAI Conference on Artificial Intelligence (AAAI 2010)",
year = "2010",
editor = "Fox, Maria and Poole, David",
publisher = "AAAI Press",
pages = "1607--1612",
url = "http://kyb.mpg.de/fileadmin/user_upload/files/publications/attachments/AAAI-2010-Peters_6439%5B0%5D.pdf",
bib2html_rescat = "Learning Methods",
}

@article{Gunnarsson01,
 author = {Gunnarsson, Svante and Norrl\"{o}F, Mikael},
 title = {Brief On the Design of ILC Algorithms Using Optimization},
 journal = {Automatica},
 issue_date = {December, 2001},
 volume = {37},
 number = {12},
 month = dec,
 year = {2001},
 issn = {0005-1098},
 pages = {2011--2016},
 numpages = {6},
 url = {http://dx.doi.org/10.1016/S0005-1098(01)00154-6},
 doi = {10.1016/S0005-1098(01)00154-6},
 acmid = {2236738},
 publisher = {Pergamon Press, Inc.},
 address = {Tarrytown, NY, USA},
 keywords = {Frequency domains, Learning control, Non-minimum phase systems, Optimization, Robotics},
} 

@book{Liberzon11,
 author = {Liberzon, Daniel},
 title = {Calculus of Variations and Optimal Control Theory: A Concise Introduction},
 year = {2011},
 isbn = {0691151873, 9780691151878},
 publisher = {Princeton University Press},
 address = {Princeton, NJ, USA},
} 

@MISC{Amann95,
    author = {Notker Amann and David H. Owens and Eric Rogers},
    title = {Iterative Learning Control for Discrete Time Systems with Exponential Rate of Convergence},
    year = {1995}
}

@INPROCEEDINGS{Gams13, 
author={Gams, A. and Nemec, B. and Zlajpah, L. and Wachter, M. and Ijspeert, A. and Asfour, T. and Ude, A.}, 
booktitle={Intelligent Robots and Systems (IROS), 2013 IEEE/RSJ International Conference on}, 
title={Modulation of motor primitives using force feedback: Interaction with the environment and bimanual tasks}, 
year={2013}, 
month={Nov}, 
pages={5629-5635}, 
keywords={feedforward;force feedback;humanoid robots;iterative methods;learning systems;mobile robots;self-adjusting systems;ARMAR-III humanoid robot;KUKA LWR robots;bimanual tasks;discrete trajectory generation;dynamic movement primitives;external force;feed-forward fashion;force feedback;interaction task;iterative learning control algorithm;motor primitive modulation;object lifting task;periodic trajectory generation;physical interaction;tightly coupled cooperative tasks;two-agent obstacle avoidance tasks;Collision avoidance;Couplings;Force;Modulation;Robot sensing systems;Trajectory}, 
doi={10.1109/IROS.2013.6697172}, 
ISSN={2153-0858},}

@ARTICLE{Longman2000,
author = {Longman, Richard W.},
title = {Iterative learning control and repetitive control for engineering
practice},
journal = {International Journal of Control},
year = {2000}, 
volume = {73},
number = {10},
pages = {930-954},
}

@incollection{Moore99,
year={1999},
isbn={978-1-4612-6822-2},
booktitle={Applied and Computational Control, Signals, and Circuits},
editor={Datta, BiswaNath},
doi={10.1007/978-1-4612-0571-5_4},
title={Iterative Learning Control: An Expository Overview},
url={http://dx.doi.org/10.1007/978-1-4612-0571-5_4},
publisher={Birkhauser Boston},
author={Moore, Kevin L.},
pages={151-214},
language={English}
}

@ARTICLE{Bristow06,
  author = {Bristow, D.A. and Tharayil, M. and Alleyne, A.G.},
  title = {A survey of iterative learning control},
  journal = {Control Systems, IEEE},
  year = {2006},
  volume = {26},
  pages = { 96 - 114},
  number = {3},
  month = {june},
  doi = {10.1109/MCS.2006.1636313},
  issn = {1066-033X},
  keywords = { design techniques; feedback control; feedforward control; iterative
	learning control; learning algorithms; learning transient behavior;
	robotics; stability; adaptive control; control system analysis; control
	system synthesis; feedback; feedforward; iterative methods; learning
	systems; robust control;}
}

@ARTICLE{Schoellig12,
  author = {Schoellig, Angela P. and Mueller, Fabian L. and D'Andrea, Raffaello},
  title = {Optimization-based iterative learning for precise quadrocopter trajectory
	tracking},
  journal = {Autonomous Robots},
  year = {2012},
  volume = {33},
  pages = {103-127},
  doi = {10.1007/s10514-012-9283-2},
  issn = {0929-5593},
  issue = {1-2},
  keywords = {Motion planning and control; Aerial robotics; Quadrocopter control;
	Trajectory tracking; Learning; Input and state constraints; Kalman
	filtering; Convex optimization},
  language = {English},
  publisher = {Springer US},
  url = {http://dx.doi.org/10.1007/s10514-012-9283-2}
}

@article{Xu11,
author = {Xu, Jian-Xin},
title = {A survey on iterative learning control for nonlinear systems},
journal = {International Journal of Control},
volume = {84},
number = {7},
pages = {1275-1294},
year = {2011},
doi = {10.1080/00207179.2011.574236},
URL = {http://dx.doi.org/10.1080/00207179.2011.574236},
eprint = {http://dx.doi.org/10.1080/00207179.2011.574236}
}

@book{Nocedal99,
author = {Nocedal, Jorge and Wright, Stephen J.},
title = {Numerical Optimization},
publisher = {Springer-Verlag},
address = {New York},
year = {1999},
}

@incollection{Schaal07,
title = "Dynamics systems vs. optimal control - a unifying view ",
editor = "Paul Cisek, Trevor Drew and John F. Kalaska",
booktitle = "Computational Neuroscience: Theoretical Insights into Brain Function",
publisher = "Elsevier",
year = "2007",
volume = "165",
pages = "425 - 445",
series = "Progress in Brain Research ",
issn = "0079-6123",
doi = "http://dx.doi.org/10.1016/S0079-6123(06)65027-9",
url ="http://www.sciencedirect.com/science/article/pii/S0079612306650279",
author = "Stefan Schaal and Peyman Mohajerian and Auke Ijspeert",
}

@article{Ijspeert13,
 author = {Ijspeert, Auke Jan and Nakanishi, Jun and Hoffmann, Heiko and Pastor, Peter and Schaal, Stefan},
 title = {Dynamical Movement Primitives: Learning Attractor Models for Motor Behaviors},
 journal = {Neural Comput.},
 issue_date = {February 2013},
 volume = {25},
 number = {2},
 month = feb,
 year = {2013},
 issn = {0899-7667},
 pages = {328--373},
 numpages = {46},
 url = {http://dx.doi.org/10.1162/NECO_a_00393},
 doi = {10.1162/NECO_a_00393},
 acmid = {2432781},
 publisher = {MIT Press},
 address = {Cambridge, MA, USA},
} 

@inproceedings{Paraschos13,
author = "Paraschos, A. and Daniel, C. and Peters, J. and Neumann, G",
year = 2013,
title = "Probabilistic Movement Primitives",
booktitle = "Advances in Neural Information Processing Systems (NIPS), Cambridge, MA: MIT Press."
}