
@techreport{Golub80,
 author = {Golub, Gene H. and Van Loan, Charles},
 title = {An Analysis of the Total Least Squares Problem},
 year = {1980},
 source = {http://www.ncstrl.org:8900/ncstrl/servlet/search?formname=detail\&id=oai%3Ancstrlh%3Acornellcs%3ACORNELLCS%3ATR80-411},
 publisher = {Cornell University},
 address = {Ithaca, NY, USA},
} 

@book{Golub96,
 author = {Golub, Gene H. and Van Loan, Charles F.},
 title = {Matrix Computations (3rd Ed.)},
 year = {1996},
 isbn = {0-8018-5414-8},
 publisher = {Johns Hopkins University Press},
 address = {Baltimore, MD, USA},
} 

@book{VanHuffel91,
   title = "The total least squares problem : computational aspects and analysis",
   author = "Van Huffel, Sabine and Vandewalle, J. Joos",
   series = "Frontiers in applied mathematics",
   volume = "9",
   publisher = "Society for Industrial and Applied Mathematics",
   address = "Philadelphia",
   url = "http://opac.inria.fr/record=b1088881",
   isbn = "0-89871-275-0",
   year = 1991
}

@book{VanHuffel13,
  title={Total least squares and errors-in-variables modeling: analysis, algorithms and applications},
  author={Van Huffel, Sabine and Lemmerling, Philippe},
  year={2013},
  publisher={Springer Science \& Business Media}
}

@MISC{Golub99,
    author = {Gene H. Golub and Per Christian Hansen and Dianne P. O'Leary},
    title = { TIKHONOV REGULARIZATION AND TOTAL LEAST SQUARES },
    year = {1999}
}

@ARTICLE{Fierro97,
    author = {R. D. Fierro and G. H. Golub and P. C. Hansen and D. P. O'leary},
    title = {Regularization by truncated total least squares},
    journal = {SIAM J. Sci. Comp},
    year = {1997},
    pages = {124--1}
}

@article{Wedin73,
year={1973},
issn={0006-3835},
journal={BIT Numerical Mathematics},
volume={13},
number={2},
doi={10.1007/BF01933494},
title={Perturbation theory for pseudo-inverses},
url={http://dx.doi.org/10.1007/BF01933494},
publisher={Kluwer Academic Publishers},
author={Wedin, Per-{\AA}ke},
pages={217-232},
language={English}
}

@article{Stewart77,
 jstor_articletype = {research-article},
 title = {On the Perturbation of Pseudo-Inverses, Projections and Linear Least Squares Problems},
 author = {Stewart, G. W.},
 journal = {SIAM Review},
 jstor_issuetitle = {},
 volume = {19},
 number = {4},
 jstor_formatteddate = {Oct., 1977},
 pages = {pp. 634-662},
 url = {http://www.jstor.org/stable/2030248},
 ISSN = {00361445},
 abstract = {This paper surveys perturbation theory for the pseudo-inverse (Moore-Penrose generalized inverse), for the orthogonal projection onto the column space of a matrix, and for the linear least squares problem.},
 language = {English},
 year = {1977},
 publisher = {Society for Industrial and Applied Mathematics},
 copyright = {Copyright Â© 1977 Society for Industrial and Applied Mathematics},
}


@INPROCEEDINGS{ZhangBo14, 
author={Zhang Bo and Zhang Gang-gang and Zhang Da-qing and Yu Yi-fa}, 
booktitle={Control Conference (CCC), 2014 33rd Chinese}, 
title={Research of iterative learning control based on total least squares}, 
year={2014}, 
pages={5125-5128}, 
keywords={adaptive control;control system synthesis;dynamic programming;iterative methods;learning systems;least mean squares methods;linear systems;adaptive dynamic programming;controller design process;ill posedness;iterative learning control;linear time invariant system;total least square method;Algorithm design and analysis;Control systems;Educational institutions;Electronic mail;Noise;Noise measurement;Pollution measurement;Data-driven;Iterative learning control;Tikhonov regularization;Total least squares}, 
doi={10.1109/ChiCC.2014.6895812}, 
month={July},}


@book{Sutton98,
 author = {Sutton, Richard S. and Barto, Andrew G.},
 title = {Introduction to Reinforcement Learning},
 year = {1998},
 isbn = {0262193981},
 edition = {1st},
 publisher = {MIT Press},
 address = {Cambridge, MA, USA},
} 

@article {Arimoto84,
author = {Arimoto, Suguru and Kawamura, Sadao and Miyazaki, Fumio},
title = {Bettering operation of Robots by learning},
journal = {Journal of Robotic Systems},
volume = {1},
number = {2},
publisher = {Wiley Subscription Services, Inc., A Wiley Company},
issn = {1097-4563},
url = {http://dx.doi.org/10.1002/rob.4620010203},
doi = {10.1002/rob.4620010203},
pages = {123--140},
year = {1984},
}

@MISC{Norrloef02,
author = {Mikael Norrl\" of and Svante Gunnarsson},
title = {Time and frequency domain convergence properties in iterative learning control},
year = {2002}
},

@ARTICLE{Longman2000,
author = {Longman, Richard W.},
title = {Iterative learning control and repetitive control for engineering
practice},
journal = {International Journal of Control},
year = {2000}, 
volume = {73},
number = {10},
pages = {930-954},
}

@article {Wang09,
	title = {Survey on Iterative Learning Control, Repetitive Control, and Run-to-run Control},
	journal = {Journal of Process Control},
	volume = {19},
	number = {10},
	year = {2009},
	month = {Dec},
	pages = {1589{\textendash}1600},
	author = {Wang, YQ and Gao, FR and Doyle, F.J.}
}

@ARTICLE{Moore07, 
author={Hyo-Sung Ahn and Yang Quan Chen and Moore, K.L.}, 
journal={Systems, Man, and Cybernetics, Part C: Applications and Reviews, IEEE Transactions on}, 
title={Iterative Learning Control: Brief Survey and Categorization}, 
year={2007}, 
month={Nov}, 
volume={37}, 
number={6}, 
pages={1099-1121}, 
keywords={adaptive control;iterative methods;learning systems;adaptive control;categorization;iterative learning control;Automatic control;Biological control systems;Biomedical engineering;Control systems;Engineering in medicine and biology;Manipulator dynamics;Manufacturing automation;Medical control systems;Optimal control;Space technology;Categorization;iterative learning control (ILC);literature review}, 
doi={10.1109/TSMCC.2007.905759}, 
ISSN={1094-6977},}

@MISC{Amann95,
    author = {Notker Amann and David H. Owens and Eric Rogers},
    title = {Iterative Learning Control for Discrete Time Systems with Exponential Rate of Convergence},
    year = {1995}
}

@ARTICLE{Bristow06,
  author = {Bristow, D.A. and Tharayil, M. and Alleyne, A.G.},
  title = {A survey of iterative learning control},
  journal = {Control Systems, IEEE},
  year = {2006},
  volume = {26},
  pages = { 96 - 114},
  number = {3},
  month = {june},
  doi = {10.1109/MCS.2006.1636313},
  issn = {1066-033X},
  keywords = { design techniques; feedback control; feedforward control; iterative
	learning control; learning algorithms; learning transient behavior;
	robotics; stability; adaptive control; control system analysis; control
	system synthesis; feedback; feedforward; iterative methods; learning
	systems; robust control;}
}

@ARTICLE{Schoellig12,
  author = {Schoellig, Angela P. and Mueller, Fabian L. and D'Andrea, Raffaello},
  title = {Optimization-based iterative learning for precise quadrocopter trajectory
	tracking},
  journal = {Autonomous Robots},
  year = {2012},
  volume = {33},
  pages = {103-127},
  doi = {10.1007/s10514-012-9283-2},
  issn = {0929-5593},
  issue = {1-2},
  keywords = {Motion planning and control; Aerial robotics; Quadrocopter control;
	Trajectory tracking; Learning; Input and state constraints; Kalman
	filtering; Convex optimization},
  language = {English},
  publisher = {Springer US},
  url = {http://dx.doi.org/10.1007/s10514-012-9283-2}
}

@article{Xu11,
author = {Xu, Jian-Xin},
title = {A survey on iterative learning control for nonlinear systems},
journal = {International Journal of Control},
volume = {84},
number = {7},
pages = {1275-1294},
year = {2011},
doi = {10.1080/00207179.2011.574236},
URL = {http://dx.doi.org/10.1080/00207179.2011.574236},
eprint = {http://dx.doi.org/10.1080/00207179.2011.574236}
}

@inproceedings{Kolter09,
  added-at = {2011-12-18T00:00:00.000+0100},
  author = {Kolter, J. Zico and Ng, Andrew Y.},
  biburl = {http://www.bibsonomy.org/bibtex/277d1f287265145195a3d222022525dbd/dblp},
  booktitle = {Robotics: Science and Systems},
  crossref = {conf/rss/2009},
  editor = {Trinkle, Jeff and Matsuoka, Yoky and Castellanos, Jos\'e A.},
  ee = {http://www.roboticsproceedings.org/rss05/p27.html},
  interhash = {47e4bcef69948a277a55cc69ded918a2},
  intrahash = {77d1f287265145195a3d222022525dbd},
  isbn = {978-0-262-51463-7},
  keywords = {dblp},
  publisher = {The MIT Press},
  timestamp = {2011-12-20T11:34:47.000+0100},
  title = {Policy search via the signed derivative.},
  url = {http://dblp.uni-trier.de/db/conf/rss/rss2009.html#KolterN09},
  year = 2009
}

@article{NguyenTuong11,
  title = {Model learning for robot control: a survey},
  author = {Nguyen-Tuong, D. and Peters, J.},
  month = apr,
  number = {4},
  volume = {12},
  pages = {319-340},
  journal = {Cognitive Processing},
  year = {2011},
  url = {http://www.is.tuebingen.mpg.de/fileadmin/user_upload/files/publications/2011/Cognitive-Science-2011-ModelLearning.pdf},
  url2 = {http://www.springerlink.com/content/t3hn455j18736v46/fulltext.pdf},
  department = {Department Sch{\"o}lkopf},
  web_url = {http://www.springerlink.com/content/t3hn455j18736v46/fulltext.pdf},
  DOI = {10.1007/s10339-011-0404-1}
}

@book{Nocedal99,
author = {Nocedal, Jorge and Wright, Stephen J.},
title = {Numerical Optimization},
publisher = {Springer-Verlag},
address = {New York},
year = {1999},
}

